<record><leader>00000cas a2200000Ia 4500</leader><controlfield tag="001">22502618</controlfield><controlfield tag="008">901012d190319uukyuwr ne      0   a0eng d</controlfield><controlfield tag="009">5569</controlfield><datafield ind1=" " ind2=" " tag="010"><subfield code="a">sn 90099411 </subfield></datafield><datafield ind1=" " ind2=" " tag="040"><subfield code="a">KNP</subfield><subfield code="b">eng</subfield><subfield code="c">KNP</subfield><subfield code="d">OCLCQ</subfield><subfield code="d">KYUBL</subfield></datafield><datafield ind1="0" ind2=" " tag="130"><subfield code="a">Chronicle (Princeton, Ky.)</subfield></datafield><datafield ind1="1" ind2="4" tag="245"><subfield code="a">The chronicle.</subfield></datafield><datafield ind1=" " ind2=" " tag="260"><subfield code="a">Princeton, Caldwell Co., Ky. :</subfield><subfield code="b">A.C. Bell</subfield></datafield><datafield ind1=" " ind2=" " tag="300"><subfield code="a">v. :</subfield><subfield code="b">ill.</subfield></datafield><datafield ind1=" " ind2=" " tag="310"><subfield code="a">Weekly</subfield></datafield><datafield ind1="1" ind2=" " tag="362"><subfield code="a">Began in 1903?</subfield></datafield><datafield ind1=" " ind2=" " tag="588"><subfield code="a">Description based on: May 24, 1906.</subfield></datafield><datafield ind1=" " ind2="0" tag="651"><subfield code="a">Caldwell County (Ky.)</subfield><subfield code="v">Newspapers.</subfield></datafield><datafield ind1=" " ind2="0" tag="651"><subfield code="a">Princeton (Ky.)</subfield><subfield code="v">Newspapers.</subfield></datafield><datafield ind1=" " ind2=" " tag="752"><subfield code="a">United States</subfield><subfield code="b">Kentucky</subfield><subfield code="c">Caldwell</subfield><subfield code="d">Princeton.</subfield></datafield></record>